01REMESSA02PIX            123456780211486115000154123400000000000012345678CC  12345678000123                                                               20230617ABC123456789                  XYZ987654321                                                EMPRESA ABC LTDA                                                                                                                                                                                                                                                                                                                                                                                                                                                                              0000000123002000001
1ABC123XYZ456                       0279772365000194012300000000001234567890CC  79772365000194                                                               40520230617164755000000000000000000000000000000296833332000126MARIA SANTOS                                                                                                                                PAGAR                                                                                                                                                                                                                                                                                                                                                                                            000001
2ABC123XYZ456                       JOÃO DA SILVA                                    LEMBRE-SE DE EFETUAR O PAGAMENTO ATÉ A DATA DE VENCIMENTO PARA EVITAR ATRASOS.                                                                                                                         MARIA SOUZA                                       AGRADECEMOS PELA PREFERÊNCIA E ESTAMOS À DISPOSIÇÃO PARA AUXILIÁ-LO(A) NO QUE FOR NECESSÁRIO.                                                                                                                                                                                                                                                                                                                     000001
3ABC123XYZ456                       DEVEDOR@EXAMPLE.COM                                                          AV. PRINCIPAL, 789 - BAIRRO CENTRAL, CIDADE NOVA - ESTADO                                                                                                                                               SAO PAULO                                                                                                                                                                                               SP12345-671000000000000000001000000000000000000000000000000000000000000000000000000000000000000000000000100000000000000200100000000000000000                                                                                           000001
9                                                                                                                                                                                                                                                                                                                                                                                                                                                                                                                                                                                                                                                                                                                                       00000000000000000000000000000005000001