01REMESSA02PIX            123456780211486115000154123400000000000012345678CC  12345678000123                                                               20230617ABC123456789                  XYZ987654321                                                EMPRESA ABC LTDA                                                                                                                                                                                                                                                                                                                                                                                                                                                                              0000000123002000001
1ABC123XYZ456                       0179772365000194012300000000001234567890CC  79772365000194                                                               40520230617164755202306172023000000000001500500196833332000126MARIA SANTOS                                                                                                                                PAGAR ATÉ O VENCIMENTO                                                                                                                                                                                                                                                                                                                                                                          000002
2ABCD1234567890                     JOÃO DA SILVA                                    LEMBRE-SE DE EFETUAR O PAGAMENTO ATÉ A DATA DE VENCIMENTO PARA EVITAR ATRASOS.                                                                                                                         MARIA SOUZA                                       AGRADECEMOS PELA PREFERÊNCIA E ESTAMOS À DISPOSIÇÃO PARA AUXILIÁ-LO(A) NO QUE FOR NECESSÁRIO.                                                                                                                                                                                                                                                                                                                     000003
3NOTA 9                             DEVEDOR@EXAMPLE.COM                                                          AV. PRINCIPAL, 789 - BAIRRO CENTRAL, CIDADE NOVA - ESTADO                                                                                                                                               SAO PAULO                                                                                                                                                                                               SP12345-671000000000000030001202306250000000000000200020230625000000000000010002023062500000000000004000100000000000000200100000000000020000                                                                                           000004
9                                                                                                                                                                                                                                                                                                                                                                                                                                                                                                                                                                                                                                                                                                                                       00000000000150075000000000000005000005